@inproceedings{deb2015usb,
    title={USB Device Forensics: Insertion and removal timestamps of USB devices in Windows 8},
    author={Deb, Swasti Bhushan and Chetry, Arjun},
    booktitle={Advanced Computing and Communication (ISACC), 2015 International Symposium on},
    pages={364--371},
    year={2015},
    organization={IEEE}
}

@article{Abhijeet14,
    author  = "Abhijeet Ramani, Somesh K. Dewangan",
    title   = "Registry Keys to track the traces left out in copying files from system to external USB Device",
    year    = "2014",
    journal = "International Journal of Computer Science and Information Technologies"
}

@article{Tanushree12,
    author  = "Tanushree Roy, Aruna Jain",
    title   = " Windows Registry Forensics: An Imperative Step in Tracking Data Theft via USB Devices",
    year    = "2012",
    journal = "International Journal of Computer Science and Information Technologies"
}

@misc{InternetServer,
    title = "{L}inux {L}eads {S}erver {G}rowth",
    author = "Nagel, David",
    year = "2012",
    journal = "The {J}ournal",
    howpublished = {\url{https://thejournal.com/articles/2012/06/05/linux-based-systems-lead-server-growth.aspx}},
    note = {Accessed: 30-05-2017}
}

@article{murphey2007automated,
    title={Automated Windows event log forensics},
    author={Murphey, Rich},
    journal={digital investigation},
    volume={4},
    pages={92--100},
    year={2007},
    publisher={Elsevier}
}

@article{finlayson1987log,
    author = {Finlayson, R. and Cheriton, D.},
    title = {Log Files: An Extended File Service Exploiting Write-once Storage},
    journal = {SIGOPS Oper. Syst. Rev.},
    issue_date = {Nov. 1987},
    volume = {21},
    number = {5},
    month = nov,
    year = {1987},
    issn = {0163-5980},
    pages = {139--148},
    numpages = {10},
    url = {http://doi.acm.org/10.1145/37499.37516},
    doi = {10.1145/37499.37516},
    acmid = {37516},
    publisher = {ACM},
    address = {New York, NY, USA},
} 

@misc{poettering2012journal,
    author = {Poettering, Lennart},
    title = {Using the {J}ournal},
    type = {Blog},
    number = {October 24},
    year = {2012},
    howpublished = {\url{http://0pointer.de/blog/projects/journalctl.html}}
}

@misc{locard2008locard,
    title={Locardâ€™s Exchange Principle},
    author={Locard, Edmond},
    year={2008}
}
